
@article{foreman2013emcee,
  title={emcee: the MCMC hammer},
  author={Foreman-Mackey, Daniel and Hogg, David W and Lang, Dustin and Goodman, Jonathan},
  journal={Publications of the Astronomical Society of the Pacific},
  volume={125},
  number={925},
  pages={306},
  year={2013},
  publisher={IOP Publishing}
}


@incollection{pytorch,
title = {PyTorch: An Imperative Style, High-Performance Deep Learning Library},
author = {Paszke, Adam and Gross, Sam and Massa, Francisco and Lerer, Adam and Bradbury, James and Chanan, Gregory and Killeen, Trevor and Lin, Zeming and Gimelshein, Natalia and Antiga, Luca and Desmaison, Alban and Kopf, Andreas and Yang, Edward and DeVito, Zachary and Raison, Martin and Tejani, Alykhan and Chilamkurthy, Sasank and Steiner, Benoit and Fang, Lu and Bai, Junjie and Chintala, Soumith},
booktitle = {Advances in Neural Information Processing Systems 32},
editor = {H. Wallach and H. Larochelle and A. Beygelzimer and F. d\textquotesingle Alch\'{e}-Buc and E. Fox and R. Garnett},
pages = {8024--8035},
year = {2019},
publisher = {Curran Associates, Inc.},
url = {http://papers.neurips.cc/paper/9015-pytorch-an-imperative-style-high-performance-deep-learning-library.pdf}
}

@misc{keras,
  title={Keras},
  author={Chollet, Fran\c{c}ois and others},
  year={2015},
  publisher={GitHub},
  howpublished={\url{https://github.com/fchollet/keras}},
}

@Misc{pystan,
    title = {{PyStan}: the {Python} interface to {Stan}},
    author = {{Stan Development Team}},
     year = {2020},
    url = {http://mc-stan.org/},
  }

@Misc{redis,
    title = {{Redis}},
    author = {{Redis Development Team}},
     year = {2020},
    url = {http://redis.io}},
  }


  @Manual{redux,
    title = {redux: R Bindings to 'hiredis'},
    author = {Rich FitzJohn},
    year = {2018},
    note = {R package version 1.1.0},
    url = {https://CRAN.R-project.org/package=redux},
  }


@article{lieuAstro,
  title={Hierarchical modelling of galaxy clusters for Cosmology},
  author={Lieu, Maggie},
  journal={StanCon Helsinki},
  volume={2018},
  year={2018},
  url = {https://youtu.be/wcpjZC9AV84?t=840},
}


  @Manual{stringr,
    title = {stringr: Simple, Consistent Wrappers for Common String Operations},
    author = {Hadley Wickham},
    year = {2019},
    note = {R package version 1.4.0},
    url = {https://CRAN.R-project.org/package=stringr},
  }



@Article{jsonlite,
title = {The jsonlite Package: A Practical and Consistent Mapping Between JSON Data and R Objects},
    author = {Jeroen Ooms},
    journal = {arXiv:1403.2805 [stat.CO]},
    year = {2014},
    url = {https://arxiv.org/abs/1403.2805},
  }

@Manual{httr,
    title = {httr: Tools for Working with URLs and HTTP},
    author = {Hadley Wickham},
    year = {2020},
    note = {R package version 1.4.2},
    url = {https://CRAN.R-project.org/package=httr},
  }


@Manual{ggrepel,
    title = {ggrepel: Automatically Position Non-Overlapping Text Labels with
'ggplot2'},
    author = {Kamil Slowikowski},
    year = {2021},
    note = {R package version 0.9.1},
    url = {https://CRAN.R-project.org/package=ggrepel},
  }


  @Manual{scales,
    title = {scales: Scale Functions for Visualization},
    author = {Hadley Wickham and Dana Seidel},
    year = {2020},
    note = {R package version 1.1.1},
    url = {https://CRAN.R-project.org/package=scales},
  }

@Manual{kable-extra,
    title = {kableExtra: Construct Complex Table with 'kable' and Pipe Syntax},
    author = {Hao Zhu},
    year = {2021},
    note = {R package version 1.3.4},
    url = {https://CRAN.R-project.org/package=kableExtra},
  }


@Book{bookdown,
    title = {bookdown: Authoring Books and Technical Documents with {R} Markdown},
    author = {Yihui Xie},
    publisher = {Chapman and Hall/CRC},
    address = {Boca Raton, Florida},
    year = {2016},
    note = {ISBN 978-1138700109},
    url = {https://bookdown.org/yihui/bookdown},
  }



@Manual{rstudio,
title = {RStudio: Integrated Development Environment for R},
author = {{RStudio Team}},
organization = {RStudio, PBC.},
address = {Boston, MA},
year = {2020},
url = {http://www.rstudio.com/},
}


@Book{rmarkdown,
    title = {R Markdown Cookbook},
    author = {Yihui Xie and Christophe Dervieux and Emily Riederer},
    publisher = {Chapman and Hall/CRC},
    address = {Boca Raton, Florida},
    year = {2020},
    note = {ISBN 9780367563837},
    url = {https://bookdown.org/yihui/rmarkdown-cookbook},
  }


@Article{tidyverse,
  title = {Welcome to the {tidyverse}},
  author = {Hadley Wickham and Mara Averick and Jennifer Bryan and Winston Chang and Lucy D'Agostino McGowan and Romain François and Garrett Grolemund and Alex Hayes and Lionel Henry and Jim Hester and Max Kuhn and Thomas Lin Pedersen and Evan Miller and Stephan Milton Bache and Kirill Müller and Jeroen Ooms and David Robinson and Dana Paige Seidel and Vitalie Spinu and Kohske Takahashi and Davis Vaughan and Claus Wilke and Kara Woo and Hiroaki Yutani},
  year = {2019},
  journal = {Journal of Open Source Software},
  volume = {4},
  number = {43},
  pages = {1686},
  doi = {10.21105/joss.01686},
}

@Manual{Rcite,
    title = {R: A Language and Environment for Statistical Computing},
    author = {{R Core Team}},
    organization = {R Foundation for Statistical Computing},
    address = {Vienna, Austria},
    year = {2018},
    url = {https://www.R-project.org/},
  }


@Misc{theano,
    title = {{Theano}: A {Python} framework for fast computation of mathematical expressions},
    author = {{Theano Development Team}},
     year = {2020},
    url = {http://arxiv.org/pdf/1605.02688.pdf}
  }


@Misc{rstan,
    title = {{RStan}: the {R} interface to {Stan}},
    author = {{Stan Development Team}},
    note = {R package version 2.21.2},
    year = {2020},
    url = {http://mc-stan.org/},
  }



@inproceedings{plummer2003jags,
  title={JAGS: A program for analysis of Bayesian graphical models using Gibbs sampling},
  author={Plummer, Martyn and others},
  booktitle={Proceedings of the 3rd international workshop on distributed statistical computing},
  volume={124},
  number={125.10},
  pages={1--10},
  year={2003},
  organization={Vienna, Austria.}
}




@article{lunn2013bugs,
  title={The BUGS book},
  author={Lunn, David and Jackson, Christopher and Best, Nicky and Thomas, Andrew and Spiegelhalter, David},
  journal={A Practical Introduction to Bayesian Analysis, Chapman Hall, London},
  year={2013}
}


@Misc{rstanarm,
    title = {rstanarm: {Bayesian} applied regression modeling via {Stan}.},
    author = {Ben Goodrich and Jonah Gabry and Imad Ali and Sam Brilleman},
    note = {R package version 2.21.1},
    year = {2020},
    url = {https://mc-stan.org/rstanarm},
  }



@Article{brms,
    title = {{brms}: An {R} Package for {Bayesian} Multilevel Models Using {Stan}},
    author = {Paul-Christian Bürkner},
    journal = {Journal of Statistical Software},
    year = {2017},
    volume = {80},
    number = {1},
    pages = {1--28},
    doi = {10.18637/jss.v080.i01},
    encoding = {UTF-8},
  }



@article{salvatier2016probabilistic,
  title={Probabilistic programming in Python using PyMC3},
  author={Salvatier, John and Wiecki, Thomas V and Fonnesbeck, Christopher},
  journal={PeerJ Computer Science},
  volume={2},
  pages={e55},
  year={2016},
  publisher={PeerJ Inc.}
}

@misc{standev,
author = "{Stan Development Team}",
title = {Stan},
year = {2012},
url = {http://mc-stan.org}
}

@inproceedings{abadi2016tensorflow,
  title={Tensorflow: A system for large-scale machine learning},
  author={Abadi, Mart{\'\i}n and Barham, Paul and Chen, Jianmin and Chen, Zhifeng and Davis, Andy and Dean, Jeffrey and Devin, Matthieu and Ghemawat, Sanjay and Irving, Geoffrey and Isard, Michael and others},
  booktitle={12th $\{$USENIX$\}$ symposium on operating systems design and implementation ($\{$OSDI$\}$ 16)},
  pages={265--283},
  year=2016
}

@article{hoffman2014no,
  title={The No-U-Turn sampler: adaptively setting path lengths in Hamiltonian Monte Carlo.},
  author={Hoffman, Matthew D and Gelman, Andrew},
  journal={J. Mach. Learn. Res.},
  volume={15},
  number={1},
  pages={1593--1623},
  year={2014}
}


@article{carpenter2017stan,
  title={Stan: a probabilistic programming language.},
  author={Carpenter, Bob and Gelman, Andrew and Hoffman, Matthew D and Lee, Daniel and Goodrich, Ben and Betancourt, Michael and Brubaker, Marcus A and Guo, Jiqiang and Li, Peter and Riddell, Allen},
  journal={Grantee Submission},
  volume={76},
  number={1},
  pages={1--32},
  year={2017},
  publisher={ERIC}
}

@inproceedings{goodrich2012designing,
  title={Designing quantitative historical social inquiry: an introduction to Stan},
  author={Goodrich, Benjamin King and Wawro, Gregory and Katznelson, Ira},
  booktitle={APSA 2012 Annual Meeting Paper},
  year={2012}
}